<?xml version="1.0" encoding="UTF-8"?>
<record xmlns="http://www.loc.gov/MARC21/slim">
   <leader>00901cam a2200229 a 4500</leader>
   <controlfield tag="001">3074278</controlfield>
   <controlfield tag="008">851202s1985    abca         s000 0 eng  </controlfield>
   <datafield tag="040" ind1=" " ind2=" ">
      <subfield code="b">eng</subfield>
      <subfield code="d">AVC</subfield>
   </datafield>
   <datafield tag="050" ind1="0" ind2=" ">
      <subfield code="a">LC 133.2.A3</subfield>
      <subfield code="b">M3 1985</subfield>
   </datafield>
   <datafield tag="090" ind1=" " ind2=" ">
      <subfield code="a">LC 133.2.A3 M3 1985</subfield>
      <subfield code="b">AVC</subfield>
   </datafield>
   <datafield tag="240" ind1="0" ind2="0">
      <subfield code="a">The making of opportunity :</subfield>
      <subfield code="b">a history of the Alberta Correspondence School, 1923-1983 /</subfield>
      <subfield code="c">prepared to commemorate its 60th anniversary.</subfield>
   </datafield>
   <datafield tag="245" ind1="0" ind2="4">
      <subfield code="a">The making of opportunity : a history of the Alberta Correspondence School, 1923-1983 1985</subfield>
      <subfield code="b">a history of the Alberta Correspondence School, 1923-1983 /</subfield>
      <subfield code="c">prepared to commemorate its 60th anniversary.</subfield>
   </datafield>
   <datafield tag="250" ind1=" " ind2=" ">
      <subfield code="a">[1st ed.]</subfield>
   </datafield>
   <datafield tag="260" ind1=" " ind2=" ">
      <subfield code="a">Barrhead, AB. :</subfield>
      <subfield code="b">Alberta Education, Alberta Correspondence School,</subfield>
      <subfield code="c">[c1985]</subfield>
   </datafield>
   <datafield tag="300" ind1=" " ind2=" ">
      <subfield code="a">85 p. :</subfield>
      <subfield code="b">ill. ;</subfield>
      <subfield code="c">18 x 22 cm.</subfield>
   </datafield>
   <datafield tag="336" ind1=" " ind2=" ">
      <subfield code="a">text</subfield>
      <subfield code="b">txt</subfield>
      <subfield code="2">rdacontent</subfield>
   </datafield>
   <datafield tag="337" ind1=" " ind2=" ">
      <subfield code="a">unmediated</subfield>
      <subfield code="b">n</subfield>
      <subfield code="2">rdamedia</subfield>
   </datafield>
   <datafield tag="338" ind1=" " ind2=" ">
      <subfield code="a">volume</subfield>
      <subfield code="b">nc</subfield>
      <subfield code="2">rdacarrier</subfield>
   </datafield>
   <datafield tag="596" ind1=" " ind2=" ">
      <subfield code="a">52</subfield>
   </datafield>
   <datafield tag="610" ind1="2" ind2="0">
      <subfield code="a">Alberta Correspondence School (Barrhead, Alta.)</subfield>
      <subfield code="x">History.</subfield>
   </datafield>
   <datafield tag="650" ind1=" " ind2="0">
      <subfield code="a">Correspondence schools and courses</subfield>
      <subfield code="z">Canada.</subfield>
   </datafield>
   <datafield tag="710" ind1="2" ind2=" ">
      <subfield code="a">Alberta Correspondence School.</subfield>
   </datafield>
   <datafield tag="926" ind1=" " ind2=" ">
      <subfield code="a">LAKELND_LL</subfield>
      <subfield code="b">ON_SHELF</subfield>
      <subfield code="c">LC 133.2.A3 M3 1985</subfield>
      <subfield code="d">BOOK</subfield>
      <subfield code="f">1</subfield>
   </datafield>
</record>
